<?xml version="1.0" encoding="UTF-8"?><collection xmlns="http://www.loc.gov/MARC21/slim"><record><leader>00415nam--2200157-i-4500</leader><controlfield tag="001">000002894</controlfield><controlfield tag="002">20161230</controlfield><controlfield tag="005">20161230201025</controlfield><controlfield tag="008">060222s1000------------r-----000-0-eng-d</controlfield><datafield ind1=" " ind2=" " tag="100"><subfield code="a">Brand, Louis</subfield></datafield><datafield ind1=" " ind2=" " tag="245"><subfield code="a">Advanced calculus. an introduction to classical analysis</subfield></datafield><datafield ind1=" " ind2=" " tag="260"><subfield code="a">New York, John Wiley, 1955</subfield></datafield><datafield ind1=" " ind2=" " tag="300"><subfield code="a">XII + 574 P</subfield></datafield><datafield ind1=" " ind2=" " tag="700"><subfield code="a">Louis Brand</subfield></datafield><datafield ind1=" " ind2=" " tag="852"><subfield code="a">11090</subfield><subfield code="c">517</subfield></datafield><datafield ind1=" " ind2=" " tag="CAT"><subfield code="a">Sys</subfield><subfield code="c">20080617</subfield><subfield code="h">113200</subfield></datafield></record></collection>